@misc{fastapiArc,
  title = {Architecture FastAPI},
  howpublished = {\url{https://www.geeksforgeeks.org/fastapi-architecture/}},
  note = {Consulté le 13/04/2025}
}

@misc{fastapi,
  title = {FastAPI – Site officiel},
  howpublished = {\url{https://fastapi.tiangolo.com/}},
  note = {Consulté le 12/04/2025}
}
@misc{angular,
  title = {Angular – Site officiel},
  howpublished = {\url{https://angular.fr/}},
  note = {Consulté le 12/04/2025}
}
@misc{bootstrap,
  title = {Bootstrap – Site officiel},
  howpublished = {\url{https://www.kernix.com/bootstrap/}},
  note = {Consulté le 12/04/2025}
}

@misc{apropos,
  title = {Addinn Group: ADD VALUE BY INNOVATION},
  howpublished = {\url{https://addinn-group.com/}},
  note = {Consulté le 04/03/2025}
}

@misc{Addinn,
  title = {Addinn Group: Qui sommes-nous?},
  howpublished = {\url{https://www.addinn-group.com/about-us/}},
  note = {Consulté le 04/03/2025}
}

@misc{etdeExistant,
  title = {15 Meilleur scanner de sites Web pour trouver les vulnérabilités de sécurité et les logiciels malveillants en 2025},
  howpublished = {\url{https://geekflare.com/fr/cybersecurity/best-website-security-scanner/}},
  note = {Consulté le 06/03/2025}
}

@misc{pentestTools,
  title = {Pentest Tools: Website Vulnerability Scanner},
  howpublished = {\url{https://pentest-tools.com/website-vulnerability-scanning/website-scanner}},
  note = {Consulté le 06/03/2025}
}

@misc{Scrum,
  title = {Méthode Scrum : présentation et avantages},
  howpublished = {\url{https://asana.com/fr/resources/what-is-scrum}},
  note = {Consulté le 07/03/2025}
}
@misc{agile,
  title = {La méthode agile},
  howpublished = {\url{https://www.appvizer.fr/magazine/operations/gestion-de-projet/methode-agile}},
  note = {Consulté le 09/03/2025}
}
@misc{ScrumImg,
  title = {La méthode Scrum et ses bénéfices dans les développements web},
  howpublished = {\url{https://www.bocasay.com/fr/methode-scrum-benefices-developpements-web/}},
  note = {Consulté le 07/03/2025}
}
@misc{epic,
  title = {Définition d’un Epic en Agile Scrum},
  howpublished = {\url{https://www.pm-coaching.org/blog/blog162}},
  note = {Consulté le 20/03/2025}
}
@misc{bf,
  title = {Comment définir les besoins fonctionnels en gestion de projet?},
  howpublished = {\url{https://www.advaloris.ch/gestion-de-projet/definir-besoins-gestion-projet}},
  note = {Consulté le 06/03/2025}
}

@misc{bnf,
  title = {Besoins Non-Fonctionnels : Guide d’Analyse et de Validation},
  howpublished = {\url{https://www.fongecif.com/gestion-de-projet/besoins-non-fonctionnels-guide-danalyse-et-de-validation/}},
  note = {Consulté le 07/03/2025}
}

@misc{ScrumArtifacts,
  title = {Artefacts Scrum dans Agile},
  howpublished = {\url{https://www.atlassian.com/fr/agile/scrum/artifacts}},
  note = {Consulté le 07/03/2025}
}

@misc{uml,
  title = {Qu'est-ce que le langage UML (langage de modélisation unifié)?},
  howpublished = {\url{https://www.lucidchart.com/pages/fr/langage-uml}},
  note = {Consulté le 12/03/2025}
}

@misc{Cypress,
  title = {Pourquoi Cypress ?},
  howpublished = {\url{https://docs.cypress.io/app/get-started/why-cypress}},
  note = {Consulté le 17/03/2025}
}

@misc{imgCypress,
  title = {Testez les interfaces de vos applications React avec Cypress},
  howpublished = {\url{https://www.ie-concept.fr/2020/11/06/testez-les-interfaces-de-vos-applications-react-avec-cypress/}},
  note = {Consulté le 17/03/2025}
}

@misc{Katalon,
  title = {Simplifiez l'automatisation des tests avec Katalon Studio},
  howpublished = {\url{https://katalon.com}},
  note = {Consulté le 17/03/2025}
}

@misc{compTestFon2,
  title = {20 meilleurs outils de test d'automatisation 2025 | ClickUp},
  howpublished = {\url{https://clickup.com/fr-FR/blog/228197/les-outils-de-test-d'automatisation}},
  note = {Consulté le 18/03/2025}
}

@misc{hostedscanimg,
  title = {Tableau de bord pour HostedScan},
  howpublished = {\url{https://hostedscan.com/dashboard}},
  note = {Consulté le 18/03/2025}
}

@misc{invicti,
  title = {Invicti – Site officiel},
  howpublished = {\url{https://www.invicti.com/}},
  note = {Consulté le 18/03/2025}
}

@misc{acteur,
  title = {UML 2},
  howpublished = {\url{https://laurent-audibert.developpez.com/Cours-UML/?page=diagramme-cas-utilisation}},
  note = {Consulté le 01/04/2025}
}

@misc{case,
  title = {Diagramme de cas d'utilisation},
  howpublished = {\url{https://atefsd.weebly.com/uploads/5/0/3/6/503639/csi_02_chap02.pdf}},
  note = {Consulté le 01/03/2025}
}

@misc{Scrumboard,
  title = {Scrumboard, qu’est-ce que c’est ?},
  howpublished = {\url{https://www.qrpinternational.fr/blog/methode-agile/scrumboard-ou-tableau-scrum-quest-ce-que-cest/}},
  note = {Consulté le 26/04/2025}
}

@misc{burndown,
  title = {Burndown charts},
  howpublished = {\url{https://www.atlassian.com/agile/tutorials/burndown-charts}},
  note = {Consulté le 27/04/2025}
}

@misc{SFC,
  title = {SCRUMstudy},
  howpublished = {\url{https://www.scrumstudy.com/}},
  note = {Consulté le 10/04/2025}
}

@misc{XSStrike,
  title = {XSStrike},
  howpublished = {\url{https://github.com/s0md3v/XSStrike}},
  note = {Consulté le 12/04/2025}
}

@misc{VisualStudioCode,
  title = {Visual Studio Code},
  howpublished = {\url{https://www.blogdumoderateur.com/tools/visual-studio-code/}},
  note = {Consulté le 01/05/2025}
}

@misc{gitlab,
  title = {Qu’est-ce que Gitlab, la plateforme de DevOps open source ?},
  howpublished = {\url{https://www.intelligence-artificielle-school.com/ecole/technologies/gitlab-tout-connaitre-sur-le-logiciel-open-source/}},
  note = {Consulté le 01/05/2025}
}

@misc{git,
  title = {Qu'est-ce que Git ?},
  howpublished = {\url{https://www.next-decision.fr/wiki/qu-est-ce-que-git}},
  note = {Consulté le 01/05/2025}
}

@misc{Overleaf,
  title = {Overleaf},
  howpublished = {\url{https://technopedagogie.uliege.be/produit/overleaf}},
  note = {Consulté le 02/05/2025}
}

@misc{StarUML,
  title = {StarUML},
  howpublished = {\url{https://staruml.fr.softonic.com/}},
  note = {Consulté le 02/05/2025}
}

@misc{backlog,
  title = {Backlog Produit : Rôle du Product owner},
  howpublished = {\url{https://www.solidpepper.com/blog/backlog-produit-role-du-product-owner-exemples-2025}},
  note = {Consulté le 02/04/2025}
}

@misc{openproject,
  title = {Introduction à OpenProject},
  howpublished = {\url{https://www.openproject.org/docs/getting-started/openproject-introduction/}},
  note = {Consulté le 05/04/2025}
}

@misc{Postman,
  title = {Postman},
  howpublished = {\url{https://welovedevs.com/fr/articles/postman/}},
  note = {Consulté le 02/05/2025}
}

@misc{Swagger,
  title = {Swagger: développer des API plus confortablement},
  howpublished = {\url{https://www.ionos.fr/digitalguide/sites-internet/developpement-web/quest-ce-que-swagger/}},
  note = {Consulté le 02/05/2025}
}

@misc{backSpr,
  title = {Backlog de sprint : présentation et étapes de création, exemples inclus},
  howpublished = {\url{https://asana.com/fr/resources/sprint-backlog}},
  note = {Consulté le 02/04/2025}
}

@misc{mvvm,
  title = {MVC and MVVM Patterns in Angular},
  howpublished = {\url{https://medium.com/front-end-world/mvc-and-mvvm-patterns-in-angular-7397e0bc7b07}},
  note = {Consulté le 12/04/2025}
}

@misc{seoTools,
  title = {Les 5 meilleurs outils SEO pour optimiser votre référencement},
  howpublished = {\url{https://blog.mrsuricate.com/5-meilleurs-outils-seo-optimiser-référencement}},
  note = {Consulté le 17/03/2025}
}

@misc{selenium,
  title = {Découvrir Selenium},
  howpublished = {\url{https://www.blogdumoderateur.com/tools/selenium/}},
  note = {Consulté le 20/04/2025}
}

@misc{bash,
  title = {Manuel de référence de Bash},
  author = {Free Software Foundation},
  howpublished = {\url{https://www.gnu.org/software/bash/manual/bash.html}},
  note = {Consulté le 10/04/2025}
}
@misc{python,
    title = {Documentation officielle de Python},
    author = {Python Software Foundation},
    howpublished = {\url{https://www.python.org/doc/}} ,
    note = {Consulté le 10/04/2025}
}
@misc{typescript,
  title = {TypeScript - Langage de programmation développé par Microsoft},
  howpublished = {\url{https://www.typescriptlang.org/}},
  note = {Consulté le 10/04/2025}
}

@misc{html,
  title = {Spécification HTML - WHATWG},
  howpublished = {\url{https://html.spec.whatwg.org/}},
  note = {Consulté le 10/04/2025}
}

@misc{websocket,
  title = {WebSockets : fonctionnement, vulnérabilités et bonnes pratiques sécurité},
  howpublished = {\url{https://www.vaadata.com/blog/fr/websockets-fonctionnement-vulnerabilites-et-bonnes-pratiques-securite/}},
  note = {Consulté le 15/04/2025}
}

@misc{rabbitmq,
  title = {rabbitmq – Site officiel},
  howpublished = {\url{https://www.rabbitmq.com/}},
  note = {Consulté le 15/05/2025}
}
@misc{dockerdesktop,
  title = {Docker Desktop},
  howpublished = {\url{https://docs.docker.com/desktop/}},
  note = {Consulté le 11/04/2025}
}

@misc{css,
  title = {CSS : Feuilles de style en cascade},
  howpublished = {\url{https://developer.mozilla.org/fr/docs/Web/CSS}},
  note = {Consulté le 10/04/2025}
}

@misc{postgresql,
  title = {Documentation officielle de PostgreSQL},
  howpublished = {\url{https://www.postgresql.org/docs/}},
  note = {Consulté le 10/04/2025}
}
@misc{yaml,
  title = {Spécification YAML 1.2},
  howpublished = {\url{https://yaml.org/spec/1.2/spec.html}},
  note = {Consulté le 10/04/2025}
}
@misc{json,
  title = {Présentation du format JSON},
  howpublished = {\url{https://www.json.org/json-fr.html}},
  note = {Consulté le 10/04/2025}
}
@misc{jwt,
    title = {JWT (JSON Web Token) : vulnérabilités, attaques courantes et bonnes pratiques sécurité},
    howpublished = {\url{https://www.vaadata.com/blog/fr/jwt-json-web-token-vulnerabilites-attaques-courantes-et-bonnes-pratiques-securite/}},
    note = {Consulté le 18/06/2025}
}
@misc{zap,
    title = {OWASP Zed Attack Proxy (ZAP)},
    author = {OWASP Foundation},
    howpublished = {\url{https://www.zaproxy.org/}},
    note = {Consulté le 17/05/2025}
}

@misc{sqlmap,
    title = {SQLMap - Automatic SQL injection and database takeover tool},
    author = {Bernardo Damele A. G. and Miroslav Stampar},
    howpublished = {\url{https://sqlmap.org/}},
    note = {Consulté le 17/05/2025}
}

@misc{wapiti,
    title = {Wapiti - Web Application Vulnerability Scanner},
    author = {Nicolas Surribas},
    howpublished = {\url{https://wapiti-scanner.github.io/}},
    note = {Consulté le 17/05/2025}
}

@misc{nikto,
    title = {Nikto - Web Server Scanner},
    author = {Chris Sullo and David Lodge},
    howpublished = {\url{https://cirt.net/Nikto2}},
    note = {Consulté le 17/05/2025}
}

@misc{nuclei,
    title = {Nuclei - Fast and Customizable Vulnerability Scanner},
    author = {ProjectDiscovery},
    howpublished = {\url{https://nuclei.projectdiscovery.io/}},
    note = {Consulté le 17/05/2025}
}

@misc{nmap,
    title = {Nmap: Network Discovery and Security Auditing},
    author = {Gordon Lyon},
    howpublished = {\url{https://nmap.org/}},
    note = {Consulté le 17/05/2025}
}

@misc{xsstrike,
    title = {XSStrike - Advanced XSS Detection Suite},
    author = {Somdev Sangwan},
    howpublished = {\url{https://github.com/s0md3v/XSStrike}},
    note = {Consulté le 17/05/2025}
}

@misc{pwnxss,
    title = {PwnXSS - Stored XSS Vulnerability Scanner},
    author = {Pwn0sec},
    howpublished = {\url{https://github.com/pwn0sec/PwnXSS}},
    note = {Consulté le 17/05/2025}
}

@misc{wafw00f,
    title = {wafw00f - Web Application Firewall Detection Tool},
    author = {Sandro Gauci},
    howpublished = {\url{https://github.com/EnableSecurity/wafw00f}},
    note = {Consulté le 17/05/2025}
}

@misc{whatweb,
    title = {WhatWeb - Next Generation Web Scanner},
    author = {Andrew Horton and Brendan Coles},
    howpublished = {\url{https://github.com/urbanadventurer/WhatWeb}},
    note = {Consulté le 17/05/2025}
}